@book{monitoringboek,
 author = {Turnbull, James},
 title = {The art of monitoring},
 year = {2014},
 publisher = {James Turnbull},
}

@book{logstashboek,
	author = {Turnbull, James},
	title = {The Logstash Book},
	year = {2013},
	publisher = {James Turnbull},
}

@MastersThesis{bp2016,
	author      = {Lintacker, Kevin},
	title       = {Lead-in tot data analyse op logÔ¨Åles met behulp van de ELK stack},
	institution = {Hogeschool Gent},
	year        = {2016},
	type        = {Bachelorproef},
	owner       = {Kevin},
	timestamp   = {2016.06.01},
}

@Electronic{forumsite,
	author    = {Elasticsearch},
	title     = {Elastic},
	year      = {2016},
	url       = {https://discuss.elastic.co/},
	urldate   = {2017-04-18},
	timestamp = {2017.04.18},
}


@Electronic{documentatiesite,
	author    = {Elasticsearch},
	title     = {Elastic Stack and Product Documentation},
	year      = {2017},
	url       = {https://www.elastic.co/guide/index.html},
	urldate   = {2017-04-18},
	timestamp = {2017.04.18},
}


@Electronic{grokpatternssite,
	author    = {Elastic},
	title     = {grok-patterns},
	year      = {2014},
	url       = {https://github.com/elastic/logstash/blob/v1.4.2/patterns/grok-patterns},
	urldate   = {2014-04-10},
	timestamp = {2014.04.10},
}


@Electronic{grokpatternssite,
	author    = {Goldberg David{,} Shan Yinan},
	title     = {The Importance of Features for Statistical Anomaly Detection},
	url       = {https://www.usenix.org/system/files/conference/hotcloud15/hotcloud15-goldberg.pdf},
	urldate   = {2017-04-18},
}


