% This file was created with JabRef 2.9.2.
% Encoding: Cp1252

@misc{X-Pack,
      author = "Elastic",
      title = "Monitoring",
      year = "2017",
      url = "https://www.elastic.co/products/x-pack/monitoring"
},

@misc{15tech,
      author = "Samuel Scott",
      title = "These 15 Tech Companies Chose the ELK Stack Over Proprietary Logging Software",
	  month = "February",
      year = "2016",
      url = "http://logz.io/blog/15-tech-companies-chose-elk-stack/"
}